@Book{ SèDeCaTi2012.1,
author = {Sèdes, Florence and Delot, Thierry and Calvary, Gaelle and Tigli, Jean-Yves},
title = "{Informatique et Intelligence Ambiante : des capteurs aux applications}",
year = {2012},
month = {juillet},
publisher = {Hermès Science },
address = {http://www.editions-hermes.fr/},
series = {Traité Informatique et Systèmes d'Information},
language = {français}
}
