@article{Yi:2007:TDU:1313046.1313151,
 author = {Yi, Ji Soo and Kang, Youn ah and Stasko, John and Jacko, Julie},
 title = {Toward a Deeper Understanding of the Role of Interaction in Information Visualization},
 journal = {IEEE Transactions on Visualization and Computer Graphics},
 issue_date = {November 2007},
 volume = {13},
 number = {6},
 month = nov,
 year = {2007},
 issn = {1077-2626},
 pages = {1224--1231},
 numpages = {8},
 url = {http://dx.doi.org/10.1109/TVCG.2007.70515},
 doi = {10.1109/TVCG.2007.70515},
 acmid = {1313151},
 publisher = {IEEE Educational Activities Department},
 address = {Piscataway, NJ, USA},
 keywords = {Information visualization, Information visualization, interaction, interaction techniques, taxonomy, visual analytics, interaction, interaction techniques, taxonomy, visual analytics},
}