@inproceedings{Zongker:1999:EMC:311535.311558,
 author = {Zongker, Douglas E. and Werner, Dawn M. and Curless, Brian and Salesin, David H.},
 title = {Environment Matting and Compositing},
 booktitle = {Proceedings of the 26th Annual Conference on Computer Graphics and Interactive Techniques},
 series = {SIGGRAPH '99},
 year = {1999},
 isbn = {0-201-48560-5},
 pages = {205--214},
 numpages = {10},
 url = {http://dx.doi.org/10.1145/311535.311558},
 doi = {10.1145/311535.311558},
 acmid = {311558},
 publisher = {ACM Press/Addison-Wesley Publishing Co.},
 address = {New York, NY, USA},
 keywords = {alpha channel, augmented reality, blue spill, blue-screen matting, clip art, colored transparency, environment map, environment matte, image-based rendering, interactive lighting design, reflection, refraction},
}