@inproceedings{Lopez-Moreno:2010:MPL:1836248.1836252,
 author = {Lopez-Moreno, Jorge and Sundstedt, Veronica and Sangorrin, Francisco and Gutierrez, Diego},
 title = {Measuring the Perception of Light Inconsistencies},
 booktitle = {Proceedings of the 7th Symposium on Applied Perception in Graphics and Visualization},
 series = {APGV '10},
 year = {2010},
 isbn = {978-1-4503-0248-7},
 location = {Los Angeles, California},
 pages = {25--32},
 numpages = {8},
 url = {http://doi.acm.org/10.1145/1836248.1836252},
 doi = {10.1145/1836248.1836252},
 acmid = {1836252},
 publisher = {ACM},
 address = {New York, NY, USA},
}