@article{Navarro:2011:PCM:2010325.2010330,
 author = {Navarro, Fernando and Castillo, Susana and Ser\'{o}n, Francisco J. and Gutierrez, Diego},
 title = {Perceptual Considerations for Motion Blur Rendering},
 journal = {ACM Trans. Appl. Percept.},
 issue_date = {August 2011},
 volume = {8},
 number = {3},
 month = aug,
 year = {2011},
 issn = {1544-3558},
 pages = {20:1--20:15},
 articleno = {20},
 numpages = {15},
 url = {http://doi.acm.org/10.1145/2010325.2010330},
 doi = {10.1145/2010325.2010330},
 acmid = {2010330},
 publisher = {ACM},
 address = {New York, NY, USA},
 keywords = {Motion blur, perceptual rendering, temporal antialiasing},
}