@ARTICLE{93808,
author={Freeman, W.T. and Adelson, E.H.},
journal={Pattern Analysis and Machine Intelligence, IEEE Transactions on},
title={The design and use of steerable filters},
year={1991},
volume={13},
number={9},
pages={891-906},
keywords={adaptive filters;filtering and prediction theory;picture processing;adaptive filtering;design;edge detection;picture processing;shape from shading;steerable filters;Adaptive control;Adaptive filters;Image analysis;Image edge detection;Image motion analysis;Image processing;Image sequence analysis;Image texture analysis;Nonlinear filters;Shape},
doi={10.1109/34.93808},
ISSN={0162-8828},
month={Sep},}