@inproceedings{Roberts:2007:SAC:1270380.1270575,
 author = {Roberts, Jonathan C.},
 title = {State of the Art: Coordinated \& Multiple Views in Exploratory Visualization},
 booktitle = {Proceedings of the Fifth International Conference on Coordinated and Multiple Views in Exploratory Visualization},
 series = {CMV '07},
 year = {2007},
 isbn = {0-7695-2903-8},
 pages = {61--71},
 numpages = {11},
 url = {http://dx.doi.org/10.1109/CMV.2007.20},
 doi = {10.1109/CMV.2007.20},
 acmid = {1270575},
 publisher = {IEEE Computer Society},
 address = {Washington, DC, USA},
 keywords = {Coordinated and Multiple Views, Linked Views, Information Visualization, Exploratory Visualization},
}